@misc{message_digest,
	title = {Message digests and digital signatures},
	author = {IBM Corporation},
	date = {04.04.2019},
	url = {https://www.ibm.com/support/knowledgecenter/en/SSFKSJ_7.1.0/com.ibm.mq.doc/sy10510_.htm},
	OPTlanguage = {english},
	OPTurldate = {25.05.2019}
}	

@misc{advantage,
	title = {Advantage (cryptography)},
	author = {Wikipedia},
	date = {17.05.2019},
	url = {https://en.wikipedia.org/wiki/Advantage_(cryptography)},
	OPTlanguage = {english},
	OPTurldate = {27.05.2019}
}

@misc{blockchain,
	title = {How does blockchain work?},
	author = {IBM Corporation},
	url = {https://www.ibm.com/blockchain/what-is-blockchain},
	OPTlanguage = {english},
	OPTurldate = {25.05.2019}
}	

@Inbook{Preneel2005,
    author="Preneel, B.",
    editor="van Tilborg, Henk C. A.",
    title="Second preimage resistance",
    bookTitle="Encyclopedia of Cryptography and Security",
    year="2005",
    publisher="Springer US",
    address="Boston, MA",
    pages="543--544",
    isbn="978-0-387-23483-0",
    doi="10.1007/0-387-23483-7_372",
    url="https://doi.org/10.1007/0-387-23483-7_372"
}

@article{key_derivation_function,
    author  = {F.F. Yao, Y.L. Yin}, 
    title   = {Design and analysis of password-based key derivation functions},
    journal = {IEEE Transactions on Information Theory},
    year    = 2005,
    number  = 9,
    pages   = {3292 - 3297},
    month   = 9,
    volume  = 51
}